@INPROCEEDINGS{vanet,
	  author={S. {S} and A. P. {Patil}},
	  booktitle={2019 1st International Conference on Advances in Information Technology (ICAIT)},
	  title={Survey of Hybrid VANET Design for Provisioning Infotainment Application},
	  year={2019},
	  volume={},
	  number={},
	  pages={140-145},}
@INPROCEEDINGS{adhoc1,
	  author={G. {Rekha} and C. {Adhikary Y.} and L. {Shrinivasan}}, 
	  booktitle={2016 International Conference on Inventive Computation Technologies (ICICT)},  
	  title={Modeling and simulation of voice communication over ad hoc network for search and rescue operations},
	  year={2016},  volume={1},  number={},  pages={1-6},}
@INPROCEEDINGS{xmpp,
	  author={P. M. {Krishnapur} and S. {M.} and C. A. {Y.}},  
	  booktitle={2016 2nd International Conference on Applied and Theoretical Computing and Communication Technology (iCATccT)},   
	  title={Fast Realtime data transfer using XMPP},   
	  year={2016},  volume={},  number={},  pages={477-479},}